% How to cite webpage: https://tex.stackexchange.com/questions/3587/how-can-i-use-bibtex-to-cite-a-web-page

@misc{NYCTLC,
    author = {NYC Taxi and Limousine Commission},
    title = {TLC trip record data},
    howpublished = {\url{https://www.nyc.gov/site/tlc/about/tlc-trip-record-data.page}},
    note = {Accessed: 2023-08-04}
}

@misc{nycPLUTO,
    author = {NYC Open Data},
    title = {Primary Land Use Tax Lot Output (PLUTO)},
    howpublished = {\url{https://data.cityofnewyork.us/City-Government/Primary-Land-Use-Tax-Lot-Output-PLUTO-/64uk-42ks}},
    note = {Accessed: 2023-08-04}
}

@misc{nycPopolation,
    author = {NYC Open Data},
    title = {New York City Population By Neighborhood Tabulation Areas},
    howpublished = {\url{https://data.cityofnewyork.us/City-Government/New-York-City-Population-By-Neighborhood-Tabulatio/swpk-hqdp}},
    note = {Accessed: 2023-08-07}
}

@Article{trafficFlow,
AUTHOR = {Liao, Zhuhua and Huang, Haokai and Zhao, Yijiang and Liu, Yizhi and Zhang, Guoqiang},
TITLE = {Analysis and Forecast of Traffic Flow between Urban Functional Areas Based on Ride-Hailing Trajectories},
JOURNAL = {ISPRS International Journal of Geo-Information},
VOLUME = {12},
YEAR = {2023},
NUMBER = {4},
ARTICLE-NUMBER = {144},
URL = {https://www.mdpi.com/2220-9964/12/4/144},
ISSN = {2220-9964},
DOI = {10.3390/ijgi12040144},
note = {Accessed: 2023-08-14}
}

@misc{DynamicPricing,
    Author = {Uber},
    title = {How Uberâ€™s dynamic pricing model works},
    howpublished = {\url{https://www.uber.com/en-GB/blog/uber-dynamic-pricing/}},
    note = {Accessed: 2023-08-14}
}

@misc{R_sq,
    Author = {Sebastian Taylor},
    title = {R-Squared},
    howpublished = {\url{https://corporatefinanceinstitute.com/resources/data-science/r-squared/}},
    note = {Accessed: 2023-08-19}
}

@misc{RMSE,
    Author = {Jim Frost},
    title = {Root Mean Square Error (RMSE)},
    howpublished = {\url{https://statisticsbyjim.com/regression/root-mean-square-error-rmse/#:~:text=What%20is%20the%20Root%20Mean,line%20and%20the%20data%20points.}},
    note = {Accessed: 2023-08-19})
}

% You should lookup the entries defined in bibtex to properly format your .bib file